@article{blei2003latent,
  title={Latent dirichlet allocation},
  author={Blei, David M and Ng, Andrew Y and Jordan, Michael I},
  journal={Journal of machine Learning research},
  volume={3},
  number={Jan},
  pages={993--1022},
  year={2003}
}
@inproceedings{hoffman2010online,
  title={Online learning for latent dirichlet allocation},
  author={Hoffman, Matthew and Bach, Francis R and Blei, David M},
  booktitle={advances in neural information processing systems},
  pages={856--864},
  year={2010}
}
@inproceedings{anandkumar2012spectral,
  title={A spectral algorithm for latent dirichlet allocation},
  author={Anandkumar, Anima and Liu, Yi-kai and Hsu, Daniel J and Foster, Dean P and Kakade, Sham M},
  booktitle={Advances in Neural Information Processing Systems},
  pages={917--925},
  year={2012}
}
@inproceedings{krestel2009latent,
  title={Latent dirichlet allocation for tag recommendation},
  author={Krestel, Ralf and Fankhauser, Peter and Nejdl, Wolfgang},
  booktitle={Proceedings of the third ACM conference on Recommender systems},
  pages={61--68},
  year={2009},
  organization={ACM}
}
@article{kim2014twilite,
  title={TWILITE: A recommendation system for Twitter using a probabilistic model based on latent Dirichlet allocation},
  author={Kim, Younghoon and Shim, Kyuseok},
  journal={Information Systems},
  volume={42},
  pages={59--77},
  year={2014},
  publisher={Elsevier}
}
@inproceedings{rosen2004author,
  title={The author-topic model for authors and documents},
  author={Rosen{-}Zvi, Michal and Griffiths, Thomas and Steyvers, Mark and Smyth, Padhraic},
  booktitle={Proceedings of the 20th conference on Uncertainty in artificial intelligence},
  pages={487--494},
  year={2004},
  organization={AUAI Press}
}
@inproceedings{steyvers2004probabilistic,
  title={Probabilistic author-topic models for information discovery},
  author={Steyvers, Mark and Smyth, Padhraic and Rosen-Zvi, Michal and Griffiths, Thomas},
  booktitle={Proceedings of the tenth ACM SIGKDD international conference on Knowledge discovery and data mining},
  pages={306--315},
  year={2004},
  organization={ACM}
}
@article{mccallum2005author,
  title={The author-recipient-topic model for topic and role discovery in social networks: Experiments with enron and academic email},
  author={McCallum, Andrew and Corrada-Emmanuel, Andr{\'e}s and Wang, Xuerui},
  year={2005}
}
@article{rosen2010learning,
  title={Learning author-topic models from text corpora},
  author={Rosen-Zvi, Michal and Chemudugunta, Chaitanya and Griffiths, Thomas and Smyth, Padhraic and Steyvers, Mark},
  journal={ACM Transactions on Information Systems (TOIS)},
  volume={28},
  number={1},
  pages={4},
  year={2010},
  publisher={ACM}
}
@article{jiang2015author,
  title={Author topic model-based collaborative filtering for personalized POI recommendations},
  author={Jiang, Shuhui and Qian, Xueming and Shen, Jialie and Fu, Yun and Mei, Tao},
  journal={IEEE Transactions on Multimedia},
  volume={17},
  number={6},
  pages={907--918},
  year={2015},
  publisher={IEEE}
}
@inproceedings{blei2006dynamic,
  title={Dynamic topic models},
  author={Blei, David M and Lafferty, John D},
  booktitle={Proceedings of the 23rd international conference on Machine learning},
  pages={113--120},
  year={2006},
  organization={ACM}
}
@article{wang2012continuous,
  title={Continuous time dynamic topic models},
  author={Wang, Chong and Blei, David and Heckerman, David},
  journal={arXiv preprint arXiv:1206.3298},
  year={2012}
}
@inproceedings{iwata2009topic,
  title={Topic Tracking Model for Analyzing Consumer Purchase Behavior.},
  author={Iwata, Tomoharu and Watanabe, Shinji and Yamada, Takeshi and Ueda, Naonori},
  booktitle={IJCAI},
  volume={9},
  pages={1427--1432},
  year={2009}
}
@article{canny2006dynamic,
  title={A dynamic topic model for document segmentation},
  author={Canny, John F and Rattenbury, Tye Lawrence},
  journal={EECS Department, University of California, Berkeley, Tech. Rep},
  year={2006}
}
@inproceedings{iwata2010online,
  title={Online multiscale dynamic topic models},
  author={Iwata, Tomoharu and Yamada, Takeshi and Sakurai, Yasushi and Ueda, Naonori},
  booktitle={Proceedings of the 16th ACM SIGKDD international conference on Knowledge discovery and data mining},
  pages={663--672},
  year={2010},
  organization={ACM}
}
@inproceedings{wang2006topics,
  title={Topics over time: a non-Markov continuous-time model of topical trends},
  author={Wang, Xuerui and McCallum, Andrew},
  booktitle={Proceedings of the 12th ACM SIGKDD international conference on Knowledge discovery and data mining},
  pages={424--433},
  year={2006},
  organization={ACM}
}
@article{ferguson1973bayesian,
  title={A Bayesian analysis of some nonparametric problems},
  author={Ferguson, Thomas S},
  journal={The annals of statistics},
  pages={209--230},
  year={1973},
  publisher={JSTOR}
}
@book{jeffrey2008handbook,
  title={Handbook of mathematical formulas and integrals},
  author={Jeffrey, Alan and Dai, Hui Hui},
  year={2008},
  publisher={Academic Press}
}
@article{geiger2013d,
  title={d-separation: From theorems to algorithms},
  author={Geiger, Dan and Verma, Tom S and Pearl, Judea},
  journal={arXiv preprint arXiv:1304.1505},
  year={2013}
}
@article{gilks1996introducing,
  title={Introducing markov chain monte carlo},
  author={Gilks, Walter R and Richardson, Sylvia and Spiegelhalter, David J},
  journal={Markov chain Monte Carlo in practice},
  volume={1},
  pages={19},
  year={1996},
  publisher={London: Chapman and Hall}
}
@inproceedings{dubey2013nonparametric,
  title={A Nonparametric Mixture Model for Topic Modeling over Time.},
  author={Dubey, Avinava and Hefny, Ahmed and Williamson, Sinead and Xing, Eric P},
  booktitle={SDM},
  pages={530--538},
  year={2013},
  organization={SIAM}
}
@inproceedings{malik2013topicflow,
  title={Topicflow: visualizing topic alignment of twitter data over time},
  author={Malik, Sana and Smith, Alison and Hawes, Timothy and Papadatos, Panagis and Li, Jianyu and Dunne, Cody and Shneiderman, Ben},
  booktitle={Proceedings of the 2013 IEEE/ACM international conference on advances in social networks analysis and mining},
  pages={720--726},
  year={2013},
  organization={ACM}
}
@inproceedings{hall2008studying,
  title={Studying the history of ideas using topic models},
  author={Hall, David and Jurafsky, Daniel and Manning, Christopher D},
  booktitle={Proceedings of the conference on empirical methods in natural language processing},
  pages={363--371},
  year={2008},
  organization={Association for Computational Linguistics}
}
@inproceedings{thomas2010validating,
  title={Validating the use of topic models for software evolution},
  author={Thomas, Stephen W and Adams, Bram and Hassan, Ahmed E and Blostein, Dorothea},
  booktitle={Source Code Analysis and Manipulation (SCAM), 2010 10th IEEE Working Conference on},
  pages={55--64},
  year={2010},
  organization={IEEE}
}
@misc{minka2000estimating,
  title={Estimating a Dirichlet distribution},
  author={Minka, Thomas},
  year={2000},
  publisher={Technical report, MIT}
}
@article{zhang2010topic,
  title={Topic tracking with dynamic topic model and topic-based weighting method},
  author={Zhang, Xiaoyan and Wang, Ting},
  journal={Journal of Software},
  volume={5},
  number={5},
  pages={482--489},
  year={2010}
}
@article{yincheng2014adaptive,
  title={Adaptive Topic Tracking Research Based on Title Semantic Domain and Double-state Model},
  author={Yincheng, Qi and Suxiang, Zhang and Junna, Wu},
  journal={Open Cybernetics \& Systemics Journal},
  volume={8},
  pages={155--162},
  year={2014}
}
@inproceedings{lee2008news,
  title={News keyword extraction for topic tracking},
  author={Lee, Sungjick and Kim, Han-joon},
  booktitle={Networked Computing and Advanced Information Management, 2008. NCM'08. Fourth International Conference on},
  volume={2},
  pages={554--559},
  year={2008},
  organization={IEEE}
}
@article{watanabe2011topic,
  title={Topic tracking language model for speech recognition},
  author={Watanabe, Shinji and Iwata, Tomoharu and Hori, Takaaki and Sako, Atsushi and Ariki, Yasuo},
  journal={Computer Speech \& Language},
  volume={25},
  number={2},
  pages={440--461},
  year={2011},
  publisher={Elsevier}
}
@inproceedings{van1998text,
  title={Text segmentation and topic tracking on broadcast news via a hidden Markov model approach.},
  author={Van Mulbregt, Paul and Carp, Ira and Gillick, Lawrence and Lowe, Steve and Yamron, Jon},
  booktitle={ICSLP},
  year={1998}
}
@inproceedings{haruechaiyasak2008article,
  title={Article recommendation based on a topic model for wikipedia selection for schools},
  author={Haruechaiyasak, Choochart and Damrongrat, Chaianun},
  booktitle={International Conference on Asian Digital Libraries},
  pages={339--342},
  year={2008},
  organization={Springer}
}
@inproceedings{ramage2009labeled,
  title={Labeled LDA: A supervised topic model for credit attribution in multi-labeled corpora},
  author={Ramage, Daniel and Hall, David and Nallapati, Ramesh and Manning, Christopher D},
  booktitle={Proceedings of the 2009 Conference on Empirical Methods in Natural Language Processing: Volume 1-Volume 1},
  pages={248--256},
  year={2009},
  organization={Association for Computational Linguistics}
}
@inproceedings{kim2009acoustic,
  title={Acoustic topic model for audio information retrieval},
  author={Kim, Samuel and Narayanan, Shrikanth and Sundaram, Shiva},
  booktitle={2009 IEEE Workshop on Applications of Signal Processing to Audio and Acoustics},
  pages={37--40},
  year={2009},
  organization={IEEE}
}
@article{liu2012attribute,
  title={Attribute-restricted latent topic model for person re-identification},
  author={Liu, Xiao and Song, Mingli and Zhao, Qi and Tao, Dacheng and Chen, Chun and Bu, Jiajun},
  journal={Pattern recognition},
  volume={45},
  number={12},
  pages={4204--4213},
  year={2012},
  publisher={Elsevier}
}
@inproceedings{zhai2011constrained,
  title={Constrained LDA for grouping product features in opinion mining},
  author={Zhai, Zhongwu and Liu, Bing and Xu, Hua and Jia, Peifa},
  booktitle={Pacific-Asia Conference on Knowledge Discovery and Data Mining},
  pages={448--459},
  year={2011},
  organization={Springer}
}
@article{tsai2011tag,
  title={A tag-topic model for blog mining},
  author={Tsai, Flora S},
  journal={Expert Systems with Applications},
  volume={38},
  number={5},
  pages={5330--5335},
  year={2011},
  publisher={Elsevier}
}
@inproceedings{shu2009latent,
  title={A latent topic model for complete entity resolution},
  author={Shu, Liangcai and Long, Bo and Meng, Weiyi},
  booktitle={2009 IEEE 25th International Conference on Data Engineering},
  pages={880--891},
  year={2009},
  organization={IEEE}
}
@inproceedings{xu2011discovering,
  title={Discovering user interest on twitter with a modified author-topic model},
  author={Xu, Zhiheng and Ru, Long and Xiang, Liang and Yang, Qing},
  booktitle={Web Intelligence and Intelligent Agent Technology (WI-IAT), 2011 IEEE/WIC/ACM International Conference on},
  volume={1},
  pages={422--429},
  year={2011},
  organization={IEEE}
}
@article{mccallum2005topic,
  title={Topic and role discovery in social networks},
  author={McCallum, Andrew and Corrada-Emmanuel, Andres and Wang, Xuerui},
  year={2005}
}
@inproceedings{dai2011grouped,
  title={The grouped author-topic model for unsupervised entity resolution},
  author={Dai, Andrew M and Storkey, Amos J},
  booktitle={International Conference on Artificial Neural Networks},
  pages={241--249},
  year={2011},
  organization={Springer}
}
@inproceedings{zhang2015dynamic,
  title={Dynamic topic modeling for monitoring market competition from online text and image data},
  author={Zhang, Hao and Kim, Gunhee and Xing, Eric P},
  booktitle={Proceedings of the 21th ACM SIGKDD International Conference on Knowledge Discovery and Data Mining},
  pages={1425--1434},
  year={2015},
  organization={ACM}
}
@article{hospedales2012video,
  title={Video behaviour mining using a dynamic topic model},
  author={Hospedales, Timothy and Gong, Shaogang and Xiang, Tao},
  journal={International journal of computer vision},
  volume={98},
  number={3},
  pages={303--323},
  year={2012},
  publisher={Springer}
}
@inproceedings{derntl2013dynamic,
  title={A Dynamic Topic Model of Learning Analytics Research.},
  author={Derntl, Michael and G{\"u}nnemann, Nikou and Klamma, Ralf},
  booktitle={LAK (Data Challenge)},
  year={2013}
}
@incollection{xu2014author,
  title={Author-Topic over Time (AToT): a dynamic users’ interest model},
  author={Xu, Shuo and Shi, Qingwei and Qiao, Xiaodong and Zhu, Lijun and Jung, Hanmin and Lee, Seungwoo and Choi, Sung-Pil},
  booktitle={Mobile, Ubiquitous, and Intelligent Computing},
  pages={239--245},
  year={2014},
  publisher={Springer}
}
@inproceedings{ha2009relevance,
  title={A relevance-based topic model for news event tracking},
  author={Ha-Thuc, Viet and Mejova, Yelena and Harris, Christopher and Srinivasan, Padmini},
  booktitle={Proceedings of the 32nd international ACM SIGIR conference on Research and development in information retrieval},
  pages={764--765},
  year={2009},
  organization={ACM}
}
@inproceedings{yamron1999topic,
  title={Topic tracking in a news stream},
  author={Yamron, J and Carp, I and Gillick, L and Lowe, S and Van Mulbregt, P},
  booktitle={Proceedings of DARPA Broadcast News Workshop},
  pages={133--136},
  year={1999}
}
@inproceedings{jin1999topic,
  title={Topic tracking for radio, TV broadcast and newswire},
  author={Jin, Hubert and Schwartz, Rich and Sista, Sreenivasa and Walls, Frederick},
  booktitle={Proceedings of DARPA Broadcast News Workshop},
  pages={199--204},
  year={1999}
}
@inproceedings{hofmann1999probabilistic,
  title={Probabilistic latent semantic analysis},
  author={Hofmann, Thomas},
  booktitle={Proceedings of the Fifteenth conference on Uncertainty in artificial intelligence},
  pages={289--296},
  year={1999},
  organization={Morgan Kaufmann Publishers Inc.}
}
@article{hofmann2001unsupervised,
  title={Unsupervised learning by probabilistic latent semantic analysis},
  author={Hofmann, Thomas},
  journal={Machine learning},
  volume={42},
  number={1-2},
  pages={177--196},
  year={2001},
  publisher={Springer}
}
@inproceedings{li2008global,
  title={Global Behaviour Inference using Probabilistic Latent Semantic Analysis.},
  author={Li, Jian and Gong, Shaogang and Xiang, Tao},
  booktitle={BMVC},
  volume={8},
  pages={10},
  year={2008}
}
@inproceedings{lin2005using,
  title={Using probabilistic latent semantic analysis for personalized web search},
  author={Lin, Chenxi and Xue, Gui-Rong and Zeng, Hua-Jun and Yu, Yong},
  booktitle={Asia-Pacific Web Conference},
  pages={707--717},
  year={2005},
  organization={Springer}
}
@inproceedings{monay2004plsa,
  title={PLSA-based image auto-annotation: constraining the latent space},
  author={Monay, Florent and Gatica-Perez, Daniel},
  booktitle={Proceedings of the 12th annual ACM international conference on Multimedia},
  pages={348--351},
  year={2004},
  organization={ACM}
}
@article{liu1994collapsed,
  title={The collapsed Gibbs sampler in Bayesian computations with applications to a gene regulation problem},
  author={Liu, Jun S},
  journal={Journal of the American Statistical Association},
  volume={89},
  number={427},
  pages={958--966},
  year={1994},
  publisher={Taylor \& Francis Group}
}
@article{posner2012very,
  title={Very basic strategies for interpreting results from the Topic Modeling Tool},
  author={Posner, Miriam},
  journal={Miriam Posner’s blog},
  volume={29},
  number={10},
  year={2012}
}
@inproceedings{wang2006topics,
  title={Topics over time: a non-Markov continuous-time model of topical trends},
  author={Wang, Xuerui and McCallum, Andrew},
  booktitle={Proceedings of the 12th ACM SIGKDD international conference on Knowledge discovery and data mining},
  pages={424--433},
  year={2006},
  organization={ACM}
}
@inproceedings{feldmann1997fitting,
  title={Fitting mixtures of exponentials to long-tail distributions to analyze network performance models},
  author={Feldmann, Anja and Whitt, Ward},
  booktitle={INFOCOM'97. Sixteenth Annual Joint Conference of the IEEE Computer and Communications Societies. Driving the Information Revolution., Proceedings IEEE},
  volume={3},
  pages={1096--1104},
  year={1997},
  organization={IEEE}
}

@inproceedings{newman2007distributed,
  title={Distributed inference for latent dirichlet allocation},
  author={Newman, David and Smyth, Padhraic and Welling, Max and Asuncion, Arthur U},
  booktitle={Advances in neural information processing systems},
  pages={1081--1088},
  year={2007}
}
@article{griffiths2002gibbs,
  title={Gibbs sampling in the generative model of latent dirichlet allocation},
  author={Griffiths, Tom},
  year={2002},
  publisher={Citeseer}
}
@article{liangdynamic,
  title={Dynamic Clustering of Streaming Short Documents},
  author={Liang, Shangsong and Yilmaz, Emine and Kanoulas, Evangelos}
}
@article{townsend1971theoretical,
  title={Theoretical analysis of an alphabetic confusion matrix},
  author={Townsend, James T},
  journal={Perception \& Psychophysics},
  volume={9},
  number={1},
  pages={40--50},
  year={1971},
  publisher={Springer}
}